<?xml version="1.0" encoding="UTF-8"?><collection xmlns="http://www.loc.gov/MARC21/slim"><record><leader>00494nam--2200169-i-4500</leader><controlfield tag="001">000025520</controlfield><controlfield tag="002">20161230</controlfield><controlfield tag="005">20161230201036</controlfield><controlfield tag="008">060222s1000------------r-----000-0-eng-d</controlfield><datafield ind1=" " ind2=" " tag="040"><subfield code="a">IFIN-HH</subfield></datafield><datafield ind1=" " ind2=" " tag="080"><subfield code="a">539.128.4(061.3)</subfield></datafield><datafield ind1="1" ind2=" " tag="100"><subfield code="a">Armitage, J.G.M</subfield></datafield><datafield ind1="1" ind2="0" tag="245"><subfield code="a">75th jubilee conference on helium-4</subfield><subfield code="b">St.andrews, scotland, 1-5 august 1983</subfield><subfield code="c">Gj.g.m. armitage (ed.)</subfield></datafield><datafield ind1=" " ind2=" " tag="260"><subfield code="a">Singapore</subfield><subfield code="b">World Scientific</subfield><subfield code="c">1983</subfield></datafield><datafield ind1=" " ind2=" " tag="300"><subfield code="a">XX + 211P</subfield></datafield><datafield ind1=" " ind2=" " tag="852"><subfield code="a">79088</subfield><subfield code="c">536</subfield></datafield><datafield ind1=" " ind2=" " tag="CAT"><subfield code="a">Sys</subfield><subfield code="c">20110512</subfield><subfield code="h">105205</subfield></datafield></record></collection>